<?xml version="1.0" encoding="UTF-8"?><collection xmlns="http://www.loc.gov/MARC21/slim"><record><leader>00508nam--2200181-i-4500</leader><controlfield tag="001">000019356</controlfield><controlfield tag="002">20161230</controlfield><controlfield tag="005">20161230201033</controlfield><controlfield tag="008">060222s1000------------r-----000-0-fre-d</controlfield><datafield ind1=" " ind2=" " tag="040"><subfield code="a">IFIN-HH</subfield></datafield><datafield ind1=" " ind2=" " tag="041"><subfield code="a">fre</subfield></datafield><datafield ind1=" " ind2=" " tag="080"><subfield code="a">535.33(043)621.37.029.5(043)</subfield></datafield><datafield ind1="1" ind2=" " tag="100"><subfield code="a">Guicon, Daniel</subfield></datafield><datafield ind1="1" ind2="0" tag="245"><subfield code="a">Structure hyperfine de spectre radionfrequences du formol</subfield><subfield code="b">These</subfield><subfield code="c">Daniel guicon</subfield></datafield><datafield ind1=" " ind2=" " tag="260"><subfield code="a">Besancon</subfield><subfield code="b">Universite De Besancon</subfield><subfield code="c">1973</subfield></datafield><datafield ind1=" " ind2=" " tag="300"><subfield code="a">87p</subfield></datafield><datafield ind1=" " ind2=" " tag="852"><subfield code="a">43398</subfield><subfield code="c">535.33</subfield></datafield><datafield ind1=" " ind2=" " tag="CAT"><subfield code="a">Sys</subfield><subfield code="c">20101207</subfield><subfield code="h">114010</subfield></datafield></record></collection>